@article{RN474,
   author = {Lin, C. H. and Krisp, C. and Packer, N. H. and Molloy, M. P.},
   title = {Development of a data independent acquisition mass spectrometry workflow to enable glycopeptide analysis without predefined glycan compositional knowledge},
   journal = {J Proteomics},
   volume = {172},
   pages = {68-75},
   ISSN = {1874-3919},
   DOI = {10.1016/j.jprot.2017.10.011},
   year = {2018},
   type = {Journal Article}
}

